<?xml version="1.0" encoding="UTF-8"?><collection xmlns="http://www.loc.gov/MARC21/slim"><record><leader>00420nam--2200121-i-4500</leader><controlfield tag="001">000044482</controlfield><controlfield tag="002">20161230</controlfield><controlfield tag="005">20161230201044</controlfield><controlfield tag="008">060222s1000------------r-----000-0-eng-d</controlfield><datafield ind1=" " ind2=" " tag="080"><subfield code="a">530.1:510.6</subfield></datafield><datafield ind1=" " ind2=" " tag="100"><subfield code="a">Purica, Ionel I</subfield></datafield><datafield ind1=" " ind2=" " tag="245"><subfield code="a">An investigation of the laws of modal thought on which are founded the experimental sciences</subfield></datafield><datafield ind1=" " ind2=" " tag="260"><subfield code="a">Bucharest, Documentation Office, Inst.For Physics And Nuclear Engineering, 1977, 503p</subfield></datafield></record></collection>